@article{article,
  author   = "{Doe}, Jane",
  title    = "My Wonderful Phoebe Article",
  journal  = "Phoebe Gazette f√ºr Studentische Forschung",
  year     = 2023,
  volume   = "1",
  number   = "1",
  pages    = "1-5",
}

@book{book,
    author = {{Doe}, John},
    title = {My New Bestseller},
    year = {2023},
    publisher = {University Publishing}
}

@online{online,
	label = {Phoebe},
	title = {My First Online Article},
	url = {https://phoebe.pubpub.org},
	year = {2023},
	urldate = {2023-06-02}
}

@Online{overleaf2309,
	label = {Overleaf},
	title = {Natbib citation styles},
	url = {https://de.overleaf.com/learn/latex/Natbib_citation_styles},
	year = {2023},
	urldate = {2023-09-23}
}

@Online{overleaf-doc,
	label = {Overleaf},
	title = {Documentation},
	url = {https://de.overleaf.com/learn},
	year = {2023},
	urldate = {2023-10-04}
}

@mastersthesis{mastersthesis,
  author  = "{Doe}, Jane",
  title   = "My Master Thesis",
  school  = "My University",
  year    = 2020,
  address = "My Home Town",
  month   = sep
}

@phdthesis{phdthesis,
  author  = "{Doe}, John",
  title   = "My Doctoral Thesis",
  school  = "My University",
  address = "My Home Town",
  year    = 2023,
  month   = jun
}

@misc{misc,
  title        = "Some Miscellaneous Stuff",
  author       = "{Phoebe}",
  howpublished = "\url{https://phoebe.pubpub.org}",
  year         = 2023,
  note         = "Accessed: 2023-07-06"
}

@unpublished{unpublished,
  author = "{Doe}, Jane",
  title  = "Some Yet To Be Published Stuff",
  year   = 2023
}